<?xml version="1.0" encoding="UTF-8"?><collection xmlns="http://www.loc.gov/MARC21/slim"><record><leader>00427nam--2200133-i-4500</leader><controlfield tag="001">000033395</controlfield><controlfield tag="002">20161230</controlfield><controlfield tag="005">20161230201039</controlfield><controlfield tag="008">060222s1000------------r-----000-0-eng-d</controlfield><datafield ind1=" " ind2=" " tag="080"><subfield code="a">621.375.826(043):681.78(043)</subfield></datafield><datafield ind1=" " ind2=" " tag="100"><subfield code="a">Mousselly, Mohamad Fawz</subfield></datafield><datafield ind1=" " ind2=" " tag="245"><subfield code="a">Etude et realisation d`un prototype de mesureur absolu de nombres d`ondes laser. these</subfield></datafield><datafield ind1=" " ind2=" " tag="260"><subfield code="a">Orsay, Universite De Paris-sud, 1982, 70p. + Annexe</subfield></datafield><datafield ind1=" " ind2=" " tag="852"><subfield code="a">71453</subfield></datafield></record></collection>